@book {handbook96,
	author = {Alfred J. Menezes and Paul C. van Oorschot and Scott A. Vanstone},
	title = {Handbook of Applied Cryptography},
	year = {1996},
	publisher = {CRC Press},
	address = {Boca Raton},
	isbn = {978-0-8493-8523-0}
}

@techreport {rfc4880,
	author = {Jon Callas and Lutz Donnerhacke and Hal Finney and David Shaw and Rodney Thayer},
	title = {OpenPGP Message Format},
	howpublished = {Internet Requests for Comments},
	type = {RFC},
	number = {4880},
	publisher = {RFC Editor},
	institution = {RFC Editor},
	date = {2007-11},
	url = {https://tools.ietf.org/pdf/rfc4880.pdf}
}

@online {anthony16,
	author = {Sebastian Anthony},
	title = {Adobe demos “photoshop for audio,” lets you edit speech as easily as text},
	date = {2016-11-07},
	url = {http://web.archive.org/web/20170223084757/https://arstechnica.co.uk/information-%20technology/2016/11/adobe-voco-photoshop-for-audio-speech-editing/},
	urldate = {2017-02-23}
}

@online {bitcoinism13,
	author = {Anonymous Bitcoinism},
	title = {Building a PGP web of trust that people will actually use},
	date = {2013-09-09},
	url = {http://web.archive.org/web/20170216005619/http://bitcoinism.blogspot.cz/2013/09/building-pgp-web-of-trust-that-people.html#!http://bitcoinism.blogspot.com/2013/09/building-pgp-web-of-trust-that-people.html},
	urldate = {2016-02-15}
}

@booklet {intro99,
	title = {An Introduction to Cryptography},
	year = {1999},
	author = {Network Associates, Inc.},
	url = {ftp://ftp.pgpi.org/pub/pgp/6.5/docs/english/IntroToCrypto.pdf}
}

@online {cooper17,
	author = {Gael Fashingbauer Cooper},
	title = {Watch how 'Rogue One' brought back young Princess Leia, Tarkin},
	date = {2017-01-06},
	url = {http://web.archive.org/web/20170108193444/https://www.cnet.com/news/rogue-one-star-wars-story-cgi-young-princess-leia-tarkin/},
	urldate = {2017-01-08}
}

@article {netanel01,
	author = {Neil Netanel},
	title = {Is the Comercial Mass Media Secessary, or Even Desirable, for Liberal Democracy?},
	journal = {arXiv preprint cs/0109092},
	year = {2001},
}

@article {mishra13,
	author = {Minati Mishra and M. C. Adhikary},
	title = {Digital Image Tamper Detection Techniques - A Comprehensive Study},
	date = {2013-06},
	journal = {International Journal of Computer Science and Business Informatics},
	volume = {2},
	number = {1},
	issn = {1694-2108},
}

@article {moore65,
	author = {Gordon E. Moore},
	title = {Cramming more components onto integrated circuits},
	date = {1965-04-19},
	journal = {Electronics},
	volume = {38},
	number = {8},
}

@article{moore04,
	title = {Progress in digital integrated electronics},
	author = {Moore, Gordon E.},
	journal = {SPIE MILESTONE SERIES MS},
	volume = {178},
	pages = {179--181},
	year = {2004},
	publisher = {SPIE-THE INTERNATIONAL SOCIETY FOR OPTICAL}
}

@report {janda16a,
	author = {Jakub Janda and Veronika Víchová},
	title = {Fungování českých dezinformačních webů},
	date = {2016-07-26},
	institution = {Evropské hodnoty z.s.},
	url = {http://www.evropskehodnoty.cz/wp-content/uploads/2016/07/Fungov%C3%A1n%C3%AD-%C4%8Desk%C3%BDch-dezinforma%C4%8Dn%C3%ADch-web%C5%AF_F.pdf}
}

@report {janda16b,
	author = {Jakub Janda and Markéta Blažejovská and Jakub Vlasák},
	title = {Dopady dezinformačních operací v České republice},
	date = {2016-09-12},
	institution = {Evropské hodnoty z.s.},
	url = {http://www.evropskehodnoty.cz/wp-content/uploads/2016/09/Dopady-dezinforma%C4%8Dn%C3%ADch-operac%C3%AD-v-%C4%8Cesk%C3%A9-republice.pdf}
}

@article {dragoni13,
	title = {Social networks and collective intelligence: A return to the Agora},
	author = {Dragoni, Manuel Mazzara Nicola and Marrafi'a, Luca Biselli Antonio and de Nicola, Simona},
	journal = {Social Network Engineering for Secure Web Data and Services},
	pages = {88},
	year = {2013},
	publisher = {IGI global}
}

@inproceedings {maheswaran07,
 	title = {Towards a gravity-based trust model for social networking systems},
	author = {Maheswaran, Muthucumaru and Tang, Hon Cheong and Ghunaim, Ahmad},
	booktitle = {Distributed Computing Systems Workshops, 2007. ICDCSW'07. 27th International Conference on},
	pages = {24--24},
	date = {2007},
	organization = {IEEE}
}

@article {travers69,
	title = {An experimental study of the small world problem},
	author = {Travers, Jeffrey and Milgram, Stanley},
	journal = {Sociometry},
	pages = {425--443},
	date = {1969},
	publisher = {JSTOR}
}

@inproceedings {giasemidis16,
	title = {Determining the veracity of rumours on Twitter},
	author = {Giasemidis, Georgios and Singleton, Colin and Agrafiotis, Ioannis and Nurse, Jason RC and Pilgrim, Alan and Willis, Chris and Greetham, Danica Vukadinovic},
	booktitle = {International Conference on Social Informatics},
	pages = {185--205},
	date = {2016},
	organization = {Springer}
}

@article {benet14,
	title = {IPFS-content addressed, versioned, P2P file system},
	author = {Benet, Juan},
	journal = {arXiv preprint arXiv:1407.3561},
	year = {2014}
}

@inproceedings {thies16,
	author = {Thies, J. and Zollh{\"o}fer, M. and Stamminger, M. and Theobalt, C. and Nie{\ss}ner, M.},
	title = {Face2Face: Real-time Face Capture and Reenactment of RGB Videos},
	booktitle = {Proc. Computer Vision and Pattern Recognition (CVPR), IEEE},
	year = {2016}
}